@String{ cviu = "Computer Vision and Image Understanding" }

@String{ cvpr = "Proceedings of {IEEE} Conference on Computer Vision and Pattern Recognition" }

@String{ fgr = "Proceedings of {IEEE} Conference on Automatic Face and Gesture Recognition" }

@String{ ieee = "Proceedings of {IEEE}" }

@String{ ijcv = "International Journal of Computer Vision" }

@String{ it = "{IEEE} Transactions on Information Theory" }

@String{ pami = "{IEEE} Transactions on Pattern Analysis and Machine Intelligence" }

@Article{ LeeK2005-PAMI,
	author = "K. Lee and J. Ho and D. Kriegman",
	title = "Acquiring linear subspaces for face recognition under variable lighting",
	journal = pami,
	year = "2005",
	pages = "684--698",
	volume = "27",
	number = "5"
}

@inproceedings{Jia2008-FGR,
	Author = {H. Jia and A. Martinez},
	Booktitle = {{FGR}},
	Date-Added = {2009-04-22 10:38:19 -0500},
	Date-Modified = {2009-04-22 10:38:19 -0500},
	Title = {Face Recognition with Occlusions in the Training and Testing Sets},
	Year = {2008}}

@inproceedings{Jia2009-CVPR,
	Author = {H. Jia and A. Martinez},
	Booktitle = cvpr,
	Date-Added = {2009-04-22 10:38:19 -0500},
	Date-Modified = {2009-04-22 10:38:19 -0500},
	Title = {Support Vector Machines in Face Recognition with Occlusions},
	Year = {2009}}

@techreport{MartinezA1998,
	Author = {A. Martinez and R. Benavente},
	Date-Added = {2009-04-22 10:38:19 -0500},
	Date-Modified = {2009-04-22 10:38:19 -0500},
	Institution = {CVC Technical Report No. 24},
	Title = {The {AR} face database},
	Year = {1998}}

@article{Martinez1998-report,
	Author = {A. Martinez and R. Benavente},
	Date-Added = {2009-04-22 10:38:19 -0500},
	Date-Modified = {2009-04-22 10:38:19 -0500},
	Journal = {CVC Tech. Report No. 24},
	Title = {The {AR} face database},
	Year = {1998}}

@article{Martinez-02,
	Author = {A. Martinez},
	Date-Added = {2009-04-22 10:38:24 -0500},
	Date-Modified = {2009-04-22 10:38:24 -0500},
	Journal = pami,
	Number = {6},
	Pages = {748-763},
	Title = {Recognizing Imprecisely Localized, Partially Occluded, and Expression Variant Faces from a Single Sample per Class},
	Volume = {24},
	Year = {2002}}

@article{morph,
	Author = {Maragos, P. and Schafer, R.W.},
	Date-Added = {2009-04-22 10:38:19 -0500},
	Date-Modified = {2009-04-22 10:38:19 -0500},
	Journal = {{IEEE} {TASSP}},
	Pages = {1153-1169},
	Title = {Morphological Filters. Part I: Their Set-Theoretic Analysis and Relations to Linear Shift-Invariant Filters},
	Volume = {35},
	Year = {1987}}

@Article{ LFW,
	Author = "G. B. Huang and M. Ramesh and T. Berg and E. Learned-Miller",
	Date-Added = "2009-04-22 10:38:24 -0500",
	Date-Modified = "2009-04-22 10:38:24 -0500",
	Journal = "University of Massachusetts, Amherst, Technical Report 07-49",
	Title = "Labeled Faces in the Wild: A Database for Studying Face Recognition in Unconstrained Environments",
	Year = "2007"
}

@InProceedings{ Turk1991-CVPR,
	Author = "M. Turk and A. Pentland",
	Booktitle = cvpr,
	Date-Added = "2009-04-22 10:38:24 -0500",
	Date-Modified = "2009-04-22 10:38:24 -0500",
	Title = "{E}igenfaces for recognition",
	Year = "1991"
}

@Article{ Belhumeur1997-PAMI,
	Author = "P. Belhumeur and J. Hespanda and D. Kriegman",
	Date-Added = "2009-04-22 10:38:24 -0500",
	Date-Modified = "2009-04-22 10:38:24 -0500",
	Journal = pami,
	Number = "7",
	Pages = "711--720",
	Title = "{E}igenfaces vs. {F}isherfaces: recognition using class specific linear projection",
	Volume = "19",
	Year = "1997"
}

@article{Leonardis2000-CVIU,
	Author = {A. Leonardis and H. Bischof},
	Date-Added = {2009-04-22 10:38:19 -0500},
	Date-Modified = {2009-04-22 10:38:19 -0500},
	Journal = cviu,
	Number = {1},
	Pages = {99-118},
	Title = {Robust Recognition Using Eigenimages},
	Volume = {78},
	Year = {2000}}

@article{Fidler2006-PAMI,
	Author = {F. Sanja and D. Skocaj and A. Leonardis},
	Date-Added = {2009-04-22 10:38:19 -0500},
	Date-Modified = {2009-04-22 10:38:19 -0500},
	Journal = pami,
	Number = {3},
	Title = {Combining Reconstructive and Discriminative Subspace Methods for Robust Classification and Regression by Subsampling},
	Volume = {28},
	Year = {2006}}

@article{Boykov2001-PAMI,
	Author = {Y. Boykov and O. Veksler and R. Zabih},
	Date-Added = {2009-04-22 10:38:19 -0500},
	Date-Modified = {2009-04-22 10:38:19 -0500},
	Journal = pami,
	Number = {12},
	Pages = {1222-1239},
	Title = {Efficient Approximate Energy Minimization via Graph Cuts},
	Volume = {20},
	Year = {2001}}


@article{Boykov2004-PAMI,
	Author = {Y. Boykov and V. Kolmogorov},
	Date-Added = {2009-04-22 10:38:19 -0500},
	Date-Modified = {2009-04-22 10:38:19 -0500},
	Journal = pami,
	Number = {9},
	Pages = {1124-1137},
	Title = {An Experimental Comparison of Min-Cut/Max-Flow Algorithms for Energy Minimization in Vision},
	Volume = {26},
	Year = {2004}}


@article{Kolmogorov2004-PAMI,
	Author = {V. Kolmogorov and R. Zabih},
	Date-Added = {2009-04-22 10:38:19 -0500},
	Date-Modified = {2009-04-22 10:38:19 -0500},
	Journal = pami,
	Number = {2},
	Pages = {147-159},
	Title = {What Energy Functions can be Minimized via Graph Cuts?},
	Volume = {26},
	Year = {2004}}

@inproceedings{LiS2001-CVPR,
	Author = {S. Li and X. Hou and H. Zhang and Q. Cheng},
	Booktitle = cvpr,
	Date-Added = {2009-04-22 10:38:19 -0500},
	Date-Modified = {2009-04-22 10:38:19 -0500},
	Title = {Learning spatially localized, parts-based representation},
	Year = {2001}}



@Article{ dagum2002openmp,
	title = "{OpenMP: an industry standard API for shared-memory programming}",
	author = "L. Dagum and R. Menon",
	journal = "Computational Science \& Engineering, IEEE",
	volume = "5",
	number = "1",
	pages = "46--55",
	issn = "1070-9924",
	year = "2002",
	publisher = "IEEE"
}

@Article{ dulong1999overview,
	title = "{An overview of the Intel IA-64 compiler}",
	author = "C. Dulong and R. Krishnaiyer and D. Kulkarni",
	year = "1999",
	publisher = "Citeseer"
}


@Article{ YangJ2009,
	author = "J.~Yang and Y.~Zhang",
	title = "Alternating direction algorithms for {$\ell\_1$}-problems in compressive sensing",
	journal = "(preprint) arXiv:0912.1185",
	year = "2009"
}


@InProceedings{ MurphyM2010,
	author = "M.~Murphy and K.~Keurzer and S.~Vasanawala and M.~Lustig",
	title = "Clinically feasible reconstruction for {L1-SPIRiT} parallel imaging and compressed sensing MRI",
	booktitle = "Joint Annual Meeting of the International Society for Magnetic Resonance in Medicine",
	year = "2010"
}


@Article{ BorghiA2010,
	author = "A.~Borghi and J.~Darbon and S.~Peyronnet and T.~Chan and S.~Osher",
	title = "A compressive sensing algorithm for many-core architectures",
	journal = "Advances in Visual Computing",
	volume = "6454/2010",
	pages = "678--686",
	year = "2010"
}


@InProceedings{ WrightS2008,
	author = "S.~Wright and R.~Nowak and M.~Figueiredo",
	title = "Sparse reconstruction by separable approximation",
	booktitle = "IEEE International Conference on Acoustics, Speech and Signal Processing",
	year = "2008"
}


@Article{ DonohoD2006,
	author = "D.~Donoho and Y.~Tsaig",
	title = "Fast solution of $\ell^1$-norm minimization problems when the solution may be sparse",
	journal = "{\rm preprint}, http://www.stanford.edu/~tsaig/research.html",
	year = "2006"
}


@InProceedings{ MalioutovD2005,
	author = "D.~Malioutov and M.~Cetin and A.~Willsky",
	title = "Homotopy continuation for sparse signal representation",
	booktitle = "Proceedings of the {IEEE} International Conference on Acoustics, Speech, and Signal Processing",
	year = "2005"
}


@Article{ EfronB2004,
	author = "B.~Efron and T.~Hastie and I.~Johnstone and R.~Tibshirani",
	title = "Least angle regression",
	journal = "The Annals of Statistics",
	volume = 32,
	number = 2,
	pages = "407--499",
	year = 2004
}


@Article{ OsborneM2000,
	author = "M.~Osborne and B.~Presnell and B.~Turlach",
	title = "A new approach to variable selection in least squares problems",
	journal = "IMA Journal of Numerical Analysis",
	year = "2000",
	volume = "20",
	pages = "389--404"
}


@Article{ KimS2007,
	author = "S.~Kim and K.~Koh and M.~Lustig and S.~Boyd and D.~Gorinevsky",
	title = "An interior-point method for large-scale $\ell\_1$-regularized least squares",
	journal = "IEEE Journal of Selected Topics in Signal Processing",
	volume = "1",
	number = "4",
	year = "2007",
	pages = "606--617"
}


@Article{ WagnerA2011-PAMI,
	Author = "A.~Wagner and J.~Wright and A.~Ganesh and Z.~Zhou and H.~Mobahi and Y.~Ma",
	Title = "Toward A Practical Face Recognition System: Robust Pose and Illumination via Sparse Representation",
	Year = "2011",
	journal = "(submitted) IEEE Trans. PAMI"
}


@InProceedings{ LucasB1981,
	title = "{An iterative image registration technique with an application to stereo vision}",
	author = "B.~Lucas and T.~Kanade",
	booktitle = "Proceedings of International Joint Conference on Artificial Intelligence",
	volume = "3",
	pages = "674--679",
	year = "1981"
}


@InProceedings{ WagnerA2009-CVPR,
	author = "A.~Wagner and J.~Wright and A.~Ganesh and Z.~Zhou and Yi Ma",
	title = "Toward a practical face recognition: Robust pose and illumination via sparse representation",
	booktitle = cvpr,
	year = 2009
}


@Book{ BertsekasD2003,
	author = "D.~Bertsekas",
	title = "Nonlinear Programming",
	publisher = "Athena Scientific",
	year = "2003"
}


@InProceedings{ YangA2010-ICIP,
	author = "A.~Yang and A.~Ganesh and S.~Sastry and Y.~Ma",
	title = "Fast l1-minimization algorithms and an application in robust face recognition: a review",
	booktitle = "Proceedings of the International Conference on Image Processing",
	year = "2010"
}


@Article{ LorisI2009,
	author = "I.~Loris",
	title = "On the performance of algorithms for the minimization of $\ell\_1$-penalized functionals",
	journal = "Inverse Problems",
	year = 2009,
	volume = 25,
	pages = "1--16"
}


@Article{ TibshiraniR1996,
	author = "R.~Tibshirani",
	title = "Regression shrinkage and selection via the {LASSO}",
	journal = "Journal of the Royal Statistical Society B",
	volume = 58,
	number = 1,
	pages = "267--288",
	year = "1996"
}

@Article{ ChenS2001-SIAM,
	author = "S.~Chen and D.~Donoho and M.~Saunders",
	title = "Atomic Decomposition by Basis Pursuit",
	journal = "SIAM Review",
	volume = "43",
	number = "1",
	pages = "129--159",
	year = "2001"
}


@Article{ WrightJ2009-PAMI,
	author = "J.~Wright and A.~Yang and A.~Ganesh and S.~Sastry and Y.~Ma",
	title = "Robust face recognition via sparse representation",
	journal = pami,
	volume = 31,
	number = 2,
	year = 2009,
	pages = "210 -- 227"
}


@Article{ DonohoD2004,
	author = "D.~Donoho",
	title = "For most large underdetermined systems of linear equations the minimal $\ell^1$-norm near solution approximates the sparest solution",
	journal = "Communications on Pure and Applied Mathematics",
	volume = "59",
	number = "7",
	pages = "907--934",
	year = "2006"
}


@Article{ CandesE2005-IT_1,
	author = "E. Cand{{\`e}s} and T. Tao",
	title = "Decoding by linear programming",
	journal = it,
	year = 2005,
	volume = 51,
	number = 12
}


@Article{ WrightJ2010-PIEEE,
	author = "J.~Wright and Y.~Ma and J.~Mairal and G.~Sapiro and T.~Huang and S.~Yan",
	title = "Sparse representation for computer vision and pattern recognition",
	journal = "Proceedings of the IEEE",
	volume = "98",
	number = "6",
	pages = "1031--1044",
	year = "2010"
}

@Article{ BrucksteinA2007,
	author = "A.~Bruckstein and D.~Donoho and M.~Elad",
	title = "From sparse solutions of systems of equations to sparse modeling of signals and images",
	journal = "SIAM Review",
	volume = "51",
	number = "1",
	pages = "34--81",
	year = 2009
}


@article{KimJ2005-PAMI,
	Author = {J. Kim and J. Choi and J. Yi and M. Turk},
	Date-Added = {2009-04-22 10:38:19 -0500},
	Date-Modified = {2009-04-22 10:38:19 -0500},
	Journal = pami,
	Number = {12},
	Pages = {1977-1981},
	Title = {Effective representation using {ICA} for face recognition robust to local distortion and partial occlusion},
	Volume = {27},
	Year = {2005}}


@Article{ Wright2009-PAMI,
	Author = "J. Wright and A.Y. Yang and A. Ganesh and S.S. Sastry and Y. Ma",
	Date-Added = "2009-04-26 00:23:53 -0500",
	Date-Modified = "2009-04-26 00:24:29 -0500",
	Journal = pami,
	Number = "2",
	Pages = "210--227",
	Title = "{Robust face recognition via sparse representation}",
	Volume = "31",
	Year = "2009"
}

@Article{ Georghiades2001-PAMI,
	Author = "A. Georghiades and P. Belhumeur and D. Kriegman",
	Date-Added = "2009-04-22 10:38:19 -0500",
	Date-Modified = "2009-04-22 17:40:55 -0500",
	Journal = pami,
	Number = "6",
	Pages = "643--660",
	Title = "From Few to Many: Illumination Cone Models for Face Recognition under Variable Lighting and Pose",
	Volume = "23",
	Year = "2001"
}

@InProceedings{ amberg2007reconstructing,
	title = "{Reconstructing high quality face-surfaces using model based stereo}",
	author = "B. Amberg and A. Blake and A. Fitzgibbon and S. Romdhani and T. Vetter",
	booktitle = "Proceedings of IEEE International Conference on Computer Vision",
	pages = "1--8",
	year = "2007"
}

@Article{ Blanz2003-PAMI,
	Author = "V. Blanz and T. Vetter",
	Date-Added = "2009-04-22 10:38:24 -0500",
	Date-Modified = "2009-04-22 10:38:24 -0500",
	Journal = pami,
	Number = "9",
	Title = "Face Recognition Based on Fitting a {3D} Morphable Model",
	Volume = "25",
	Year = "2003"
}

@Article{ Cootes2001-PAMI,
	Author = "T. Cootes and G. Edwards and C. Taylor",
	Date-Added = "2009-04-22 10:38:24 -0500",
	Date-Modified = "2009-04-22 10:38:24 -0500",
	Journal = pami,
	Number = "6",
	Pages = "681--685",
	Title = "Active Appearance Models",
	Volume = "23",
	Year = "2001"
}

@InProceedings{ cootes1992active,
	title = "{Active shape models -- `smart snakes'}",
	author = "T.F. Cootes and C.J. Taylor",
	booktitle = "Proceedings of British Machine Vision Conference",
	year = "1992"
}

@InProceedings{ lucas1981iterative,
	title = "{An iterative image registration technique with an application to stereo vision}",
	author = "B.D. Lucas and T. Kanade",
	booktitle = "Proceedings of International Joint Conference on Artificial Intelligence",
	volume = "3",
	pages = "674--679",
	year = "1981"
}

@Article{ Belhumeur1999-PAA,
	title = "Tracking in {3D}: Image Variability Decomposition for Recovering Object Pose and Illumination",
	author = "P. Belhumeur and G. Hager",
	journal = "Pattern Analysis and Applications",
	volume = "2",
	pages = "82--91",
	year = "1999"
}

@Article{ Murase1995-IJCV,
	author = "H. Murase and S. Nayar",
	title = "Visual learning and recognition of {3D} objects from appearance",
	journal = ijcv,
	volume = "14",
	pages = "5--24",
	year = "1995"
}

@article{Candes2008-JFAA,
	Author = {E. Candes and M. Wakin and S. Boyd},
	Date-Added = {2009-04-22 10:38:19 -0500},
	Date-Modified = {2009-04-22 10:38:19 -0500},
	Journal = {Journal of Fourier Analysis and Applications},
	Number = {5},
	Pages = {877-905},
	Title = {Enhancing Sparsity by Reweighted $\ell^1$-Minimization},
	Volume = {14},
	Year = {2008}}


@Article{ CandesE2005-IT,
	Author = "E. Cand{{\`e}s} and T. Tao",
	Date-Added = "2009-04-22 10:38:19 -0500",
	Date-Modified = "2009-04-22 10:38:19 -0500",
	Journal = it,
	Number = 12,
	Title = "Decoding by linear programming",
	Volume = 51,
	Year = 2005
}

@Article{ Wright2008-IT,
	Author = "J. Wright and Y. Ma",
	Journal = it,
	Title = "Dense Error Correction via $\ell^1$-Minimization",
	Year = "2010",
	volume = "56",
	number = "7",
	Date-Added = "2009-04-22 10:38:19 -0500",
	Date-Modified = "2009-04-22 10:38:19 -0500"
}

@Article{ Osborne1990-JAMSSB,
	author = "M. Osborne and R. Womersley",
	title = "Strong Uniqueness in Seequential Linear Programming",
	journal = "Journal of the Australian Mathematical Society, Series B",
	volume = "31",
	year = "1990",
	pages = "379--384"
}

@Article{ Jittorntrum1980-NM,
	author = "K. Jittorntrum and M. Osborne",
	title = "Strong Uniqueness and Second Order Convergence in Nonlinear Discrete Approximation",
	journal = "Numerische Mathematik",
	volume = "34",
	pages = "439--455",
	year = "1980"
}

@Article{ YangA2010-pp,
	author = "Allen Y. Yang and Arvind Ganesh and Zihan Zhou and Shankar Sastry and Yi Ma",
	title = "Fast $\ell\_1$-Minimization Algorithms and Application in Robust Face Recognition",
	journal = "preprint",
	year = "2010"
}

@Article{ chen2006total,
	title = "{Total variation models for variable lighting face recognition}",
	author = "T. Chen and W. Yin and X.S. Zhou and D. Comaniciu and T.S. Huang",
	journal = pami,
	pages = "1519--1524",
	year = "2006",
	publisher = "Published by the IEEE Computer Society"
}

@Article{ zhou2007appearance,
	title = "{Appearance characterization of linear lambertian objects, generalized photometric stereo, and illumination-invariant face recognition}",
	author = "S.K. Zhou and G. Aggarwal and R. Chellappa and D.W. Jacobs",
	journal = pami,
	pages = "230--245",
	year = "2007",
	publisher = "Published by the IEEE Computer Society"
}

@Article{ belhumeur1998set,
	title = "{What is the set of images of an object under all possible illumination conditions?}",
	author = "P.N. Belhumeur and D.J. Kriegman",
	journal = ijcv,
	volume = "28",
	number = "3",
	pages = "245--260",
	year = "1998",
	publisher = "Springer"
}

@Article{ Basri2003-PAMI,
	Author = "R. Basri and D. Jacobs",
	Date-Added = "2009-04-22 10:38:24 -0500",
	Date-Modified = "2009-04-22 17:44:03 -0500",
	Journal = pami,
	Number = 2,
	Pages = "218--233",
	Title = "Lambertian reflectance and linear subspaces",
	Volume = 25,
	Year = 2003
}

@InProceedings{ debevec2000acquiring,
	title = "{Acquiring the reflectance field of a human face}",
	author = "P. Debevec and T. Hawkins and C. Tchou and H.P. Duiker and W. Sarokin and M. Sagar",
	booktitle = "Proceedings of the 27th Annual Conference on Computer Graphics and Interactive Techniques",
	pages = "145--156",
	year = "2000"
}

@InProceedings{ jones2005performance,
	title = "{Performance geometry capture for spatially varying relighting}",
	author = "A. Jones and A. Gardner and M. Bolas and I. McDowall and P. Debevec",
	booktitle = "ACM SIGGRAPH 2005 Sketches",
	pages = "74",
	year = "2005"
}

@InProceedings{ masselus2002free,
	title = "{The free-form light stage}",
	author = "V. Masselus and P. Dutr{\'e} and F. Anrys",
	booktitle = "SIGGRAPH",
	pages = "262",
	year = "2002"
}

@InProceedings{ zhang2002rapid,
	title = "{Rapid shape acquisition using color structured light and multi-pass dynamic programming}",
	author = "L. Zhang and B. Curless and S.M. Seitz",
	booktitle = "Proceedings of the 1st IEEE International Symposium on 3D Data Processing, Visualization, and Transmission",
	pages = "24--36",
	year = "2002"
}

@Article{ Viola2004-IJCV,
	Author = "P. Viola and M. J. Jones",
	Date-Added = "2009-04-22 10:38:24 -0500",
	Date-Modified = "2009-04-22 10:38:24 -0500",
	Journal = ijcv,
	Pages = "137--154",
	Title = "Robust real-time face detection",
	Volume = "57",
	Year = "2004"
}

@Article{ baker2004lucas,
	title = "{Lucas-Kanade 20 years on: A unifying framework: Part 1: The quantity approximated, the warp update rule, and the gradient descent approximation}",
	author = "S. Baker and I. Matthews",
	journal = ijcv,
	volume = "56",
	number = "3",
	pages = "221--255",
	year = "2004",
	publisher = "Citeseer"
}

@Article{ Cromme1978-NM,
	author = "L. Cromme",
	title = "Strong Uniqueness: A Far-Reaching Criterion for the Convergence Analysis of Iterative Procedures",
	journal = "Numerishe Mathematik",
	volume = "29",
	pages = "179--193",
	year = "1978"
}

@Article{ Lewis2008-TR,
	author = "A. Lewis and S. Wright",
	title = "A Proximal Method for Composite Minimization",
	journal = "Technical Report, University of Wisconsin",
	year = "2008"
}

@Book{ Bertsekas1982,
	author = "D. Bertsekas",
	title = "Constrained Optimization and Lagrange Multiplier Methods",
	publisher = "Academic Press",
	year = "1982"
}

@Article{ YangJ2009-pp,
	author = "J.~Yang and Y.~Zhang",
	title = "Alternating direction algorithms for {$\ell\_1$}-problems in compressive sensing",
	journal = "(preprint) arXiv:0912.1185",
	year = "2009"
}

@Article{ Glowinski1975-TR,
	author = "R. Glowinski and A. Marroco",
	title = "Sur l'approximation, par elements finis d'ordre un, et la resolution, par penalisation-dualite, d'une classe de problemes de {D}irichlet non lineares",
	journal = "Revuew Francaise d'Automatique, Informatique et Recherche Operationelle",
	volume = "9",
	year = "1975",
	pages = "41--76"
}

@Article{ BeckA2009,
	author = "A.~Beck and M.~Teboulle",
	title = "A fast iterative shrinkage-thresholding algorithm for linear inverse problems",
	journal = "SIAM Journal on Imaging Sciences",
	volume = "2",
	number = "1",
	year = "2009",
	pages = "183--202"
}

@InProceedings{ Wagner2009-CVPR,
	Author = "A. Wagner and J. Wright and A. Ganesh and Z. Zhou and Y. Ma",
	Booktitle = cvpr,
	Date-Added = "2009-04-22 10:38:19 -0500",
	Date-Modified = "2009-04-22 10:38:19 -0500",
	Title = "Toward A Practical Face Recognition System: Robust Pose and Illumination via Sparse Representation",
	Year = "2009"
}

@InProceedings{ Gross2008-FGR,
	Author = "R. Gross and I. Matthews and J. Cohn and T. Kanade and S. Baker",
	Booktitle = fgr,
	Date-Added = "2009-04-22 10:38:24 -0500",
	Date-Modified = "2009-04-22 10:38:24 -0500",
	Title = "Multi-{PIE}",
	Year = "2008"
}

@Article{ Gross2006-PAMI,
	Author = "R. Gross and I. Matthews and S. Baker",
	Date-Added = "2009-04-22 10:38:24 -0500",
	Date-Modified = "2009-04-22 10:38:24 -0500",
	Journal = pami,
	Number = "6",
	Pages = "593--604",
	Title = "Active Appearance Models with Occlusion",
	Volume = "24",
	Year = "2006"
}

@Article{ Wiskott1997-PAMI,
	Author = "L. Wiskott and J. Fellous and N. Kuiger and C. von der Malsburg",
	Date-Added = "2009-04-22 10:38:24 -0500",
	Date-Modified = "2009-04-22 10:38:24 -0500",
	Journal = pami,
	Number = "7",
	Title = "Face recognition by elastic bunch graph matching",
	Volume = "19",
	Year = "1997"
}

@InProceedings{ Huang2008-CVPR,
	Author = "J. Huang and X. Huang and D. Metaxas",
	Booktitle = cvpr,
	Date-Added = "2009-04-22 10:38:24 -0500",
	Date-Modified = "2009-04-22 10:38:24 -0500",
	Title = "Simultaneous image transformation and sparse representation recovery",
	Year = "2008"
}

@InProceedings{ Yang2010-CVPR,
	Author = "Jianchao Yang and Kai Yu and Thomas Huang",
	Booktitle = cvpr,
	Pages = "1--8",
	Title = "Supervised Translation-Invariant Sparse Coding",
	Year = "2010"
}

@TechReport{ PhillipsP2007,
	Author = "P. Phillips and W. Scruggs and A. O'Tools and P. Flynn and K. Bowyer and C. Schott and M. Sharpe",
	Date-Added = "2009-04-22 10:38:19 -0500",
	Date-Modified = "2009-04-22 10:38:19 -0500",
	Institution = "NIST",
	Number = "NISTIR 7408",
	Title = "{FRVT} 2006 and {ICE} 2006 large-scale results",
	Year = "2007"
}

@Article{ Lee2005-PAMI,
	Author = "K. Lee and J. Ho and D. Kriegman",
	Date-Added = "2009-04-22 10:38:24 -0500",
	Date-Modified = "2009-04-22 10:38:24 -0500",
	Journal = pami,
	Number = "5",
	Pages = "684--698",
	Title = "Acquiring Linear Subspaces for Face Recognition under Variable Lighting",
	Volume = "27",
	Year = "2005"
}

@InProceedings{ Pentland1994-CVPR,
	Author = "A. Pentland and B. Moghaddam and T. Starner",
	Booktitle = cvpr,
	Date-Added = "2009-04-22 10:38:19 -0500",
	Date-Modified = "2009-04-22 10:38:19 -0500",
	Title = "View-Based and Modular Eigenspaces for Face Recognition",
	Year = "1994"
}

@InProceedings{ ZhouZ2009,
	title = "Face recognition with contiguous occlusion using Markov random fields",
	author = "Zihan Zhou and Andrew Wagner and John Wright and Hossein Mobahi and Yi Ma",
	booktitle = "Proceedings of IEEE International Conference on Computer Vision",
	pages = "1--8",
	year = "2009"
}

@InProceedings{ Cevher2008-NIPS,
	Author = "V. Cevher and M. F. Duarte and C. Hegde and R. G. Baraniuk",
	Booktitle = "Proceedings of Neural Information and Processing Systems",
	Date-Added = "2009-04-22 10:38:19 -0500",
	Date-Modified = "2009-04-22 10:38:19 -0500",
	Title = "Sparse signal recovery using Markov random fields",
	Year = "2008"
}

@Article{ schechner2007multiplexing,
	title = "{Multiplexing for optimal lighting}",
	author = "Y.Y. Schechner and S.K. Nayar and P.N. Belhumeur",
	journal = "IEEE Transactions on pattern analysis and machine intelligence",
	pages = "1339--1354",
	issn = "0162-8828",
	year = "2007",
	publisher = "Published by the IEEE Computer Society"
}

@Article{ phillips1998feret,
	title = "{The FERET database and evaluation procedure for face-recognition algorithms}",
	author = "P.J. Phillips and H. Wechsler and J. Huang and P.J. Rauss",
	journal = "Image and Vision Computing",
	volume = "16",
	number = "5",
	pages = "295--306",
	issn = "0262-8856",
	year = "1998",
	publisher = "Elsevier"
}

@Article{ Ahonen2006-PAMI,
	Author = "T. Ahonen and A. Hadid and M. Pietikainen",
	Journal = pami,
	Number = "12",
	Pages = "2037--2041",
	Title = "Face description with local binary patterns: application to face recognition",
	Volume = "28",
	Year = "2006"
}

@ARTICLE{Tan06facerecognition,
    author = {Xiaoyang Tan and Songcan Chen and Zhi-hua Zhou and Fuyan Zhang},
    title = {Face recognition from a single image per person: A survey},
    journal = {Pattern Recognition},
    year = {2006},
    volume = {39},
    pages = {1725--1745}
}

@ARTICLE{Deng2010-PR,
    author = {Weihong Deng and Jiani Hu and Jun Guo and Weidong Cai and Dagan Feng},
    title = {Robust, accurate and efficient face recognition from a single training image: A uniform pursuit approach},
    journal = {Pattern Recognition},
    year = {2010},
    volume = {43},
    pages = {1748--1762}
}

@INPROCEEDINGS{Wolf2008-ECCV,
    author = {Lior Wolf and Tal Hassner and Yaniv Taigman},
    title = {Descriptor based methods in the wild},
    booktitle = {Faces in Real-Life Images Workshop in ECCV},
    year = {2008}
}
