%% This BibTeX bibliography file was created using BibDesk.
%% http://bibdesk.sourceforge.net/


%% Created for Andrew Wagner at 2009-04-26 00:24:51 -0500 


%% Saved with string encoding Unicode (UTF-8) 


@string{cviu = {{CVIU}}}

@string{cvpr = {CVPR}}

@string{fgr = {FGR}}

@string{ieee = {Proceedings of the {IEEE}}}

@string{ijcv = {IJCV}}

@string{it = {{IEEE} Trans. {IT}}}

@string{pami = {PAMI}}


@article{Wright2009-PAMI,
	Author = {Wright, J. and Yang, A.Y. and Ganesh, A. and Sastry, S.S. and Ma, Y.},
	Date-Added = {2009-04-26 00:23:53 -0500},
	Date-Modified = {2009-04-26 00:24:29 -0500},
	Journal = {IEEE Transactions on Pattern Analysis and Machine Intelligence},
	Number = {2},
	Pages = {210--227},
	Title = {{Robust face recognition via sparse representation}},
	Volume = {31},
	Year = {2009}}

@inproceedings{Romdhani2007-CVPR,
	Author = {S. Romdhani and T. Vetter},
	Booktitle = cvpr,
	Date-Added = {2009-04-22 10:38:24 -0500},
	Date-Modified = {2009-04-22 10:38:24 -0500},
	Pages = {1-8},
	Title = {3{D} Probabilistic Feature Point Model for Object Detection and Recognition},
	Year = {2007}}

@article{Perronin2005-PAMI,
	Author = {F. Perronin and J. Dugelay and K. Rose},
	Date-Added = {2009-04-22 10:38:24 -0500},
	Date-Modified = {2009-04-22 10:38:24 -0500},
	Journal = pami,
	Number = {7},
	Pages = {1157--1171},
	Title = {A {P}robabilistic {M}odel of {F}ace {M}apping with {L}ocal {T}ransformations and its {A}pplication to {P}erson {R}ecognition},
	Volume = {27},
	Year = 2005}

@article{Lee2005-PAMI,
	Author = {K. Lee and J. Ho and D. Kriegman},
	Date-Added = {2009-04-22 10:38:24 -0500},
	Date-Modified = {2009-04-22 10:38:24 -0500},
	Journal = pami,
	Number = {5},
	Pages = {684-698},
	Title = {Acquiring Linear Subspaces for Face Recognition under Variable Lighting},
	Volume = {27},
	Year = {2005}}

@article{Cootes2001-PAMI,
	Author = {T. Cootes and G. Edwards and C. Taylor},
	Date-Added = {2009-04-22 10:38:24 -0500},
	Date-Modified = {2009-04-22 10:38:24 -0500},
	Journal = pami,
	Number = {6},
	Pages = {681-685},
	Title = {Active Appearance Models},
	Volume = {23},
	Year = {2001}}

@article{Gross2006-PAMI,
	Author = {R. Gross and I. Matthews and S. Baker},
	Date-Added = {2009-04-22 10:38:24 -0500},
	Date-Modified = {2009-04-22 10:38:24 -0500},
	Journal = pami,
	Number = {6},
	Pages = {593 - 604},
	Title = {Active Appearance Models with Occlusion},
	Volume = {24},
	Year = {2006}}

@inproceedings{Gross2003-AVBPA,
	Author = {R. Gross and V. Brajovic},
	Booktitle = {proc. AVBPA},
	Date-Added = {2009-04-22 10:38:24 -0500},
	Date-Modified = {2009-04-22 10:38:24 -0500},
	Title = {An Image Pre-Processing Algorithm for Illumination Invariant Face Recognition},
	Year = {2003}}

@article{Gross2004-PAMI,
	Author = {R. Gross and I. Matthews and S. Baker},
	Date-Added = {2009-04-22 10:38:24 -0500},
	Date-Modified = {2009-04-22 10:38:24 -0500},
	Journal = pami,
	Number = {4},
	Pages = {449-465},
	Title = {Appearance-Based Face Recognition and Light-Fields},
	Volume = {26},
	Year = {2004}}

@inproceedings{Basri2007-CVPR,
	Author = {R. Basri and T. Hassner and L. Zelnik-Manor},
	Booktitle = cvpr,
	Date-Added = {2009-04-22 10:38:24 -0500},
	Date-Modified = {2009-04-22 10:38:24 -0500},
	Pages = {1-8},
	Title = {Approximate Nearest Subspace Search with Applications to Pattern Recognition},
	Year = {2007}}

@article{Keysers2007-PAMI,
	Author = {D. Keysers and T. Deselaers and C. Gollan and H. Ney},
	Date-Added = {2009-04-22 10:38:24 -0500},
	Date-Modified = {2009-04-22 10:38:24 -0500},
	Journal = pami,
	Number = {8},
	Pages = {1422-1435},
	Title = {Deformation models for image recognition},
	Volume = {29},
	Year = 2007}

@article{Lowe2004-IJCV,
	Author = {D. Lowe},
	Date-Added = {2009-04-22 10:38:24 -0500},
	Date-Modified = {2009-04-22 10:38:24 -0500},
	Journal = ijcv,
	Number = {2},
	Pages = {91-110},
	Title = {Distinctive image features from scale-invariant keypoints},
	Volume = {60},
	Year = {2004}}

@inproceedings{Turk1991-CVPR,
	Author = {M. Turk and A. Pentland},
	Booktitle = cvpr,
	Date-Added = {2009-04-22 10:38:24 -0500},
	Date-Modified = {2009-04-22 10:38:24 -0500},
	Title = {{E}igenfaces for recognition},
	Year = {1991}}

@article{Belhumeur1997-PAMI,
	Author = {P. Belhumeur and J. Hespanda and D. Kriegman},
	Date-Added = {2009-04-22 10:38:24 -0500},
	Date-Modified = {2009-04-22 10:38:24 -0500},
	Journal = pami,
	Number = {7},
	Pages = {711-720},
	Title = {{E}igenfaces vs. {F}isherfaces: recognition using class specific linear  projection},
	Volume = {19},
	Year = {1997}}

@article{Zhao2003-ACM,
	Author = {W. Zhao and R. Chellappa and J. Phillips and A. Rosenfeld},
	Date-Added = {2009-04-22 10:38:24 -0500},
	Date-Modified = {2009-04-22 10:38:24 -0500},
	Journal = {ACM Computing Surveys},
	Pages = {399-458},
	Title = {Face Recognition: A Literature Survey},
	Year = {2003}}

@article{Blanz2003-PAMI,
	Author = {V. Blanz and T. Vetter},
	Date-Added = {2009-04-22 10:38:24 -0500},
	Date-Modified = {2009-04-22 10:38:24 -0500},
	Journal = pami,
	Number = {9},
	Title = {Face Recognition Based on Fitting a {3D} Morphable Model},
	Volume = {25},
	Year = {2003}}

@article{Wiskott1997-PAMI,
	Author = {L. Wiskott and J. Fellous and N. Kuiger and C. von der Malsburg},
	Date-Added = {2009-04-22 10:38:24 -0500},
	Date-Modified = {2009-04-22 10:38:24 -0500},
	Journal = pami,
	Number = {7},
	Title = {Face recognition by elastic bunch graph matching},
	Volume = {19},
	Year = {1997}}

@inproceedings{Wiskott1999,
	Author = {L. Wiskott and J.-M. Fellous and N. Kruger and C. von der Malsburg},
	Booktitle = {Intelligent Biometric Techniques in Fingerprint and Face Recognition, CRC Press},
	Date-Added = {2009-04-22 10:38:24 -0500},
	Date-Modified = {2009-04-22 10:38:24 -0500},
	Editor = {L. C. Jain},
	Title = {Face Recognition by Elastic Bunch Graph Matching},
	Year = {1999}}

@article{Gross2006-IVC,
	Author = {R. Gross and I. Matthews and S. Baker},
	Date-Added = {2009-04-22 10:38:24 -0500},
	Date-Modified = {2009-04-22 10:38:24 -0500},
	Journal = {Image and Vision Computing},
	Number = {11},
	Pages = {1080-1093},
	Title = {Generic vs. Person Specific Active Appearance Models},
	Volume = {23},
	Year = {2006}}

@article{Zhou2005-JOSA,
	Author = {S. Zhou and R. Chellappa},
	Date-Added = {2009-04-22 10:38:24 -0500},
	Date-Modified = {2009-04-22 10:38:24 -0500},
	Journal = {Journal of the Optical Society},
	Pages = {217-229},
	Title = {Image-based face recognition under illumination and pose variations},
	Volume = {22},
	Year = {2005}}

@article{LFW,
	Author = {G. B. Huang and M. Ramesh and T. Berg and E. Learned-Miller},
	Date-Added = {2009-04-22 10:38:24 -0500},
	Date-Modified = {2009-04-22 10:38:24 -0500},
	Journal = {University of Massachusetts, Amherst, Technical Report 07-49},
	Title = {Labeled Faces in the Wild: A Database for Studying Face Recognition in Unconstrained Environments},
	Year = {2007}}

@article{Basri2003-PAMI_lowercase,
	Author = {R. Basri and D. Jacobs},
	Date-Added = {2009-04-22 10:38:24 -0500},
	Date-Modified = {2009-04-22 17:44:03 -0500},
	Journal = pami,
	Number = 2,
	Pages = {218-233},
	Title = {Lambertian reflectance and linear subspaces},
	Volume = 25,
	Year = 2003}

@inproceedings{Lucey2006-CVPR,
	Author = {S. Lucey and T. Chen},
	Booktitle = cvpr,
	Date-Added = {2009-04-22 10:38:24 -0500},
	Date-Modified = {2009-04-22 10:38:24 -0500},
	Title = {Learning Patch Dependencies for Improved Pose Mismatched Face Verification},
	Year = {2006}}

@article{Vetter1997-PAMI,
	Author = {T. Vetter and T. Poggio},
	Date-Added = {2009-04-22 10:38:24 -0500},
	Date-Modified = {2009-04-22 10:38:24 -0500},
	Journal = pami,
	Number = {7},
	Title = {Linear Object Classes and Image Synthesis from a Single Example Image},
	Volume = {19},
	Year = {1997}}

@inproceedings{Gross2008-FGR,
	Author = {R. Gross and I. Matthews and J. Cohn and T. Kanade and S. Baker},
	Booktitle = fgr,
	Date-Added = {2009-04-22 10:38:24 -0500},
	Date-Modified = {2009-04-22 10:38:24 -0500},
	Title = {Multi-{PIE}},
	Year = {2008}}

@inproceedings{Kanade2003-ISCIRA,
	Author = {T. Kanade and A. Yamada},
	Booktitle = {proceedings of {IEEE} International Symposium on Computational Intelligence in Robotics and Automation},
	Date-Added = {2009-04-22 10:38:24 -0500},
	Date-Modified = {2009-04-22 10:38:24 -0500},
	Pages = {954-959},
	Title = {Multi-subregion Based Probabilistic Approach Towards Pose-Invariant Face Recognition},
	Volume = {2},
	Year = {2003}}

@article{Shashua1997-IJCV,
	Author = {A. Shashua},
	Date-Added = {2009-04-22 10:38:24 -0500},
	Date-Modified = {2009-04-22 10:38:24 -0500},
	Journal = ijcv,
	Number = {1-2},
	Pages = {99-122},
	Title = {On Photometric Issues in {3D} Visual Recognition from a Single {2D} Image},
	Volume = {21},
	Year = {1997}}

@inproceedings{Luo2007-ICASSP,
	Author = {J. Luo and Y. Ma and E. Takikawa and S. Lao and M. Kawade and B. Lu},
	Booktitle = {proc. ICASSP},
	Date-Added = {2009-04-22 10:38:24 -0500},
	Date-Modified = {2009-04-22 10:38:24 -0500},
	Pages = {593-596},
	Title = {Person-Specific {SIFT} Features for Face Recognition},
	Volume = {2},
	Year = {2007}}

@techreport{Wagner2008-TR,
	Date-Added = {2009-04-22 10:38:24 -0500},
	Date-Modified = {2009-04-22 10:38:24 -0500},
	Title = {Please see supplementary material.}}

@article{Martinez-02,
	Author = {A. Martinez},
	Date-Added = {2009-04-22 10:38:24 -0500},
	Date-Modified = {2009-04-22 10:38:24 -0500},
	Journal = pami,
	Number = {6},
	Pages = {748-763},
	Title = {Recognizing Imprecisely Localized, Partially Occluded, and Expression Variant Faces from a Single Sample per Class},
	Volume = {24},
	Year = {2002}}

@article{Viola2004-IJCV,
	Author = {P. Viola and M. J. Jones},
	Date-Added = {2009-04-22 10:38:24 -0500},
	Date-Modified = {2009-04-22 10:38:24 -0500},
	Journal = ijcv,
	Pages = {137 - 154},
	Title = {Robust real-time face detection},
	Volume = {57},
	Year = {2004}}

@article{Lindeberg1994-JAS,
	Ages = {224-270},
	Author = {T. Lindeberg},
	Date-Added = {2009-04-22 10:38:24 -0500},
	Date-Modified = {2009-04-22 10:38:24 -0500},
	Journal = {Journal of Applied Statistics},
	Number = {2},
	Title = {Scale-space theory: a basic tool for analysing structures at different scales},
	Volume = {21},
	Year = {1994}}

@article{Batur2004-IJCV,
	Author = {A. Batur and M. Hayes},
	Date-Added = {2009-04-22 10:38:24 -0500},
	Date-Modified = {2009-04-22 10:38:24 -0500},
	Journal = ijcv,
	Number = {1},
	Pages = {49-66},
	Title = {Segmented Linear Subspaces for Illumination-Robust Face Recognition},
	Volume = {57},
	Year = {2004}}

@inproceedings{Huang2008-CVPR,
	Author = {J. Huang and X. Huang and D. Metaxas},
	Booktitle = CVPR,
	Date-Added = {2009-04-22 10:38:24 -0500},
	Date-Modified = {2009-04-22 10:38:24 -0500},
	Title = {Simultaneous image transformation and sparse representation recovery},
	Year = {2008}}

@article{Sim2003-PAMI,
	Author = {T. Sim and S. Baker and M. Bsat},
	Date-Added = {2009-04-22 10:38:24 -0500},
	Date-Modified = {2009-04-22 10:38:24 -0500},
	Journal = pami,
	Number = {12},
	Pages = {1615-1618},
	Title = {The {CMU} Pose, Illumination and Expression Database},
	Volume = {25},
	Year = {2003}}

@article{Phillips2000-PAMI,
	Author = {P. J. Phillips and H. Moon and S. Rizvi and P. Rauss},
	Date-Added = {2009-04-22 10:38:24 -0500},
	Date-Modified = {2009-04-22 10:38:24 -0500},
	Journal = pami,
	Number = {10},
	Pages = {1090-1104},
	Title = {The {FERET} evaluation methodology for face recognition algorithms},
	Volume = {22},
	Year = {2000}}

@inproceedings{Castillo2007-CVPR,
	Author = {C. Castillo and D. Jacobs},
	Booktitle = cvpr,
	Date-Added = {2009-04-22 10:38:24 -0500},
	Date-Modified = {2009-04-22 10:38:24 -0500},
	Pages = {1-8},
	Title = {Using Stereo Matching for {2-D} Face Recognition Across Pose},
	Year = {2007}}

@article{Heisele-07,
	Author = {B. Heisele and T. Serre and T. Poggio},
	Date-Added = {2009-04-22 10:38:19 -0500},
	Date-Modified = {2009-04-22 10:38:19 -0500},
	Journal = {to appear in International Journal of Computer Vision},
	Title = {A Component-Based Framework for Face Detection and Identification},
	Year = {2007}}

@article{Aspremont2007-SIAM,
	Author = {A. d'Aspremont and L. El Ghaoui and M. Jordan and G. Lanckriet},
	Date-Added = {2009-04-22 10:38:19 -0500},
	Date-Modified = {2009-04-22 10:38:19 -0500},
	Journal = {{SIAM} Review},
	Pages = {434-448},
	Title = {A Direct Formulation of Sparse {PCA} using Semidefinite Programming},
	Volume = {49},
	Year = {2007}}

@article{LeeK2005-PAMI,
	Author = {K. Lee and J. Ho and D. Kriegman},
	Date-Added = {2009-04-22 10:38:19 -0500},
	Date-Modified = {2009-04-22 10:38:19 -0500},
	Journal = pami,
	Number = {5},
	Pages = {684-698},
	Title = {Acquiring linear subspaces for face recognition under variable lighting},
	Volume = {27},
	Year = {2005}}

@article{Boykov2004-PAMI,
	Author = {Y. Boykov and V. Kolmogorov},
	Date-Added = {2009-04-22 10:38:19 -0500},
	Date-Modified = {2009-04-22 10:38:19 -0500},
	Journal = pami,
	Number = {9},
	Pages = {1124-1137},
	Title = {An Experimental Comparison of Min-Cut/Max-Flow Algorithms for Energy Minimization in Vision},
	Volume = {26},
	Year = {2004}}

@article{ChenS2001-SIAM,
	Author = {S. Chen and D. Donoho and M. Saunders},
	Date-Added = {2009-04-22 10:38:19 -0500},
	Date-Modified = {2009-04-22 10:38:19 -0500},
	Journal = {SIAM Review},
	Number = {1},
	Pages = {129-159},
	Title = {Atomic Decomposition by Basis Pursuit},
	Volume = {43},
	Year = {2001}}

@article{LiuC2006-PAMI,
	Author = {C. Liu},
	Date-Added = {2009-04-22 10:38:19 -0500},
	Date-Modified = {2009-04-22 10:38:19 -0500},
	Journal = pami,
	Number = 5,
	Pages = {725-737},
	Title = {Capitalize on dimensionality increasing techniques for improving face recognition grand challenge performance},
	Volume = 28,
	Year = {2006}}

@inproceedings{HoJ2003-CVPR,
	Author = {J. Ho and M. Yang and J. Lim and K. Lee and D. Kriegman},
	Booktitle = cvpr,
	Date-Added = {2009-04-22 10:38:19 -0500},
	Date-Modified = {2009-04-22 10:38:19 -0500},
	Pages = {11-18},
	Title = {Clustering appearances of objects under varying illumination conditions},
	Year = {2003}}

@article{Fidler2006-PAMI,
	Author = {F. Sanja and D. Skocaj and A. Leonardis},
	Date-Added = {2009-04-22 10:38:19 -0500},
	Date-Modified = {2009-04-22 10:38:19 -0500},
	Journal = pami,
	Number = {3},
	Title = {Combining Reconstructive and Discriminative Subspace Methods for Robust Classification and Regression by Subsampling},
	Volume = {28},
	Year = {2006}}

@article{Rauhut2006-IT,
	Author = {H. Rauhut and K. Schnass and P. Vandergheynst},
	Date-Added = {2009-04-22 10:38:19 -0500},
	Date-Modified = {2009-04-22 10:38:19 -0500},
	Journal = {{\rm to appear in} {IEEE} Transactions on Information Theory},
	Title = {Compressed Sensing and Redundant Dictionaries},
	Year = {2007}}

@inproceedings{CandesE2006-ICM,
	Author = {E. Cand{\`{e}s}},
	Booktitle = {Proceedings of the International Congress of Mathematicians},
	Date-Added = {2009-04-22 10:38:19 -0500},
	Date-Modified = {2009-04-22 10:38:19 -0500},
	Title = {Compressive sampling},
	Year = 2006}

@article{Sharon-07,
	Author = {Y. Sharon and J. Wright and Y. Ma},
	Date-Added = {2009-04-22 10:38:19 -0500},
	Date-Modified = {2009-04-22 10:38:19 -0500},
	Journal = {submitted to IEEE Transactions on Information Theory},
	Title = {Computation and Relaxation of Conditions for Equivalence between $\ell^1$ and $\ell^0$ Minimization},
	Year = {2007}}

@book{BoydS2004,
	Author = {S. Boyd and L. Vandenberghe},
	Date-Added = {2009-04-22 10:38:19 -0500},
	Date-Modified = {2009-04-22 10:38:19 -0500},
	Publisher = {Cambridge University Press},
	Title = {Convex optimization},
	Year = {2004}}

@book{Boyd-2004,
	Author = {S. Boyd and L. Vandenberghe},
	Date-Added = {2009-04-22 10:38:19 -0500},
	Date-Modified = {2009-04-22 10:38:19 -0500},
	Publisher = {Cambridge University Press},
	Title = {Convex Optimization},
	Year = {2004}}

@article{DonohoTanner-07,
	Author = {D. Donoho and J. Tanner},
	Date-Added = {2009-04-22 10:38:19 -0500},
	Date-Modified = {2009-04-22 10:38:19 -0500},
	Journal = {{\rm preprint}, http://www.math.utah.edu/~tanner/},
	Title = {Counting Faces of Randomly Projected Polytopes when the Projection Radically Lowers Dimension},
	Year = {2007}}

@inproceedings{AchlioptasD2001,
	Author = {D. Achlioptas},
	Booktitle = {Proceedings of the ACM Symposium on Principles of Database Systems},
	Date-Added = {2009-04-22 10:38:19 -0500},
	Date-Modified = {2009-04-22 10:38:19 -0500},
	Pages = {274-281},
	Title = {Database-friendly random projections},
	Year = {2001}}

@article{CandesE2005-IT,
	Author = {E. Cand{\`{e}s} and T. Tao},
	Date-Added = {2009-04-22 10:38:19 -0500},
	Date-Modified = {2009-04-22 10:38:19 -0500},
	Journal = it,
	Number = 12,
	Title = {Decoding by linear programming},
	Volume = 51,
	Year = 2005}

@article{Wright2008-IT,
	Author = {J. Wright and Y. Ma},
	Date-Added = {2009-04-22 10:38:19 -0500},
	Date-Modified = {2009-04-22 10:38:19 -0500},
	Journal = {preprint},
	Title = {Dense Error Correction via $\ell^1$-Minimization},
	Year = {2008}}

@inproceedings{KaskiS1998,
	Author = {S. Kaski},
	Booktitle = {Proceedings of the IEEE International Joint Conference on Neural Networks},
	Date-Added = {2009-04-22 10:38:19 -0500},
	Date-Modified = {2009-04-22 10:38:19 -0500},
	Pages = {413-418},
	Title = {Dimensionality reduction by random mapping},
	Volume = {1},
	Year = {1998}}

@article{Lades1993-ITC,
	Author = {M. Lades and J. Vorbruggen and J. Buhmann and J. Lange and C. von der Malsburg and R. Wurtz and W. Konen},
	Date-Added = {2009-04-22 10:38:19 -0500},
	Date-Modified = {2009-04-22 10:38:19 -0500},
	Journal = {{IEEE} Transactions on Computers},
	Pages = {300-311},
	Title = {Distortion invariant object recognition in the dynamic link architecture},
	Volume = {42},
	Year = {1993}}

@article{KimJ2005-PAMI,
	Author = {J. Kim and J. Choi and J. Yi and M. Turk},
	Date-Added = {2009-04-22 10:38:19 -0500},
	Date-Modified = {2009-04-22 10:38:19 -0500},
	Journal = pami,
	Number = {12},
	Pages = {1977-1981},
	Title = {Effective representation using {ICA} for face recognition robust to local distortion and partial occlusion},
	Volume = {27},
	Year = {2005}}

@article{Kim-2005,
	Author = {J. Kim and J. Choi and J. Yi and M. Turk},
	Date-Added = {2009-04-22 10:38:19 -0500},
	Date-Modified = {2009-04-22 10:38:19 -0500},
	Journal = pami,
	Number = {12},
	Pages = {1977-1981},
	Title = {Effective Representation Using {ICA} for Face Recognition Robust to Local Distortion and Partial Occlusion},
	Volume = {27},
	Year = {2005}}

@article{Boykov2001-PAMI,
	Author = {Y. Boykov and O. Veksler and R. Zabih},
	Date-Added = {2009-04-22 10:38:19 -0500},
	Date-Modified = {2009-04-22 10:38:19 -0500},
	Journal = pami,
	Number = {12},
	Pages = {1222-1239},
	Title = {Efficient Approximate Energy Minimization via Graph Cuts},
	Volume = {20},
	Year = {2001}}

@inproceedings{TurkM1991-CVPR,
	Author = {M. Turk and A. Pentland},
	Booktitle = cvpr,
	Date-Added = {2009-04-22 10:38:19 -0500},
	Date-Modified = {2009-04-22 10:38:19 -0500},
	Title = {{E}igenfaces for recognition},
	Year = {1991}}

@article{BelhumeurP1997-PAMI,
	Author = {P. Belhumeur and J. Hespanda and D. Kriegman},
	Date-Added = {2009-04-22 10:38:19 -0500},
	Date-Modified = {2009-04-22 10:38:19 -0500},
	Journal = pami,
	Number = {7},
	Pages = {711-720},
	Title = {{E}igenfaces vs. {F}isherfaces: recognition using class specific linear  projection},
	Volume = {19},
	Year = {1997}}

@article{L1-magic,
	Author = {E. Candes and J. Romberg},
	Date-Added = {2009-04-22 10:38:19 -0500},
	Date-Modified = {2009-04-22 10:38:19 -0500},
	Journal = {http://www.acm.caltech.edu/l1magic/},
	Title = {$\ell^1$-magic: Recovery of Sparse Signals via Convex Programming},
	Year = {2005}}

@article{Candes2008-JFAA,
	Author = {E. Candes and M. Wakin and S. Boyd},
	Date-Added = {2009-04-22 10:38:19 -0500},
	Date-Modified = {2009-04-22 10:38:19 -0500},
	Journal = {Journal of Fourier Analysis and Applications},
	Number = {5},
	Pages = {877-905},
	Title = {Enhancing Sparsity by Reweighted $\ell^1$-Minimization},
	Volume = {14},
	Year = {2008}}

@article{Candes2005,
	Author = {E. Cand\`{e}s and T. Tao},
	Date-Added = {2009-04-22 10:38:19 -0500},
	Date-Modified = {2009-04-22 10:38:19 -0500},
	Journal = {IEEE Symposium on FOCS},
	Pages = {295-308},
	Title = {Error Correction via Linear Programming},
	Year = {2005}}

@article{Ahonen2006-PAMI,
	Author = {T. Ahonen and A. Hadid and M Pietikainen},
	Date-Added = {2009-04-22 10:38:19 -0500},
	Date-Modified = {2009-04-22 10:38:19 -0500},
	Journal = pami,
	Number = {12},
	Pages = {2037-2041},
	Title = {Face description with local binary patterns: Application to face recognition},
	Volume = {28},
	Year = {2006}}

@article{Zhao2003-ACM,
	Author = {W. Zhao and R. Chellappa and J. Phillips and A. Rosenfeld},
	Date-Added = {2009-04-22 10:38:19 -0500},
	Date-Modified = {2009-04-22 10:38:19 -0500},
	Journal = {ACM Computing Surveys},
	Pages = {399-458},
	Title = {Face Recognition: A Literature Survey},
	Year = {2003}}

@article{SinhaP2006-IEEE,
	Author = {P. Sinha and B. Balas and Y. Ostrovsky and R. Russell},
	Date-Added = {2009-04-22 10:38:19 -0500},
	Date-Modified = {2009-04-22 10:38:19 -0500},
	Journal = ieee,
	Number = 11,
	Pages = {1948-1962},
	Title = {Face recognition by humans: Nineteen results all computer vision researchers should know about},
	Volume = 94,
	Year = 2006}

@article{Park2005-PAMI,
	Author = {B. Park and K. Lee and S. Lee},
	Date-Added = {2009-04-22 10:38:19 -0500},
	Date-Modified = {2009-04-22 10:38:19 -0500},
	Journal = pami,
	Number = {12},
	Pages = {1982-1988},
	Title = {Face Recognition using face-{ARG} matching},
	Volume = {27},
	Year = {2005}}

@article{HeX2005-PAMI,
	Author = {X. He and S. Yan and Y. Hu and P. Niyogi and H. Zhang},
	Date-Added = {2009-04-22 10:38:19 -0500},
	Date-Modified = {2009-04-22 10:38:19 -0500},
	Journal = pami,
	Number = 3,
	Pages = {328-340},
	Title = {Face recognition using {L}aplacianfaces},
	Volume = 27,
	Year = 2005}

@article{Li1999-TNN,
	Author = {S. Li and J. Lu},
	Date-Added = {2009-04-22 10:38:19 -0500},
	Date-Modified = {2009-04-22 10:38:19 -0500},
	Journal = {{IEEE} Trans. Neural Networks},
	Number = {2},
	Pages = {439-443},
	Title = {Face recognition using the nearest feature line method},
	Volume = {10},
	Year = {1999}}

@inproceedings{Jia2008-FGR,
	Author = {H. Jia and A. Martinez},
	Booktitle = {{FGR}},
	Date-Added = {2009-04-22 10:38:19 -0500},
	Date-Modified = {2009-04-22 10:38:19 -0500},
	Title = {Face Recognition with Occlusions in the Training and Testing Sets},
	Year = {2008}}

@article{DonohoTsaig-06,
	Author = {D. Donoho and Y. Tsaig},
	Date-Added = {2009-04-22 10:38:19 -0500},
	Date-Modified = {2009-04-22 10:38:19 -0500},
	Journal = {{\rm preprint}, http://www.stanford.edu/~tsaig/research.html},
	Title = {Fast Solution of $\ell^1$-norm Minimization Problems When the Solution May be Sparse},
	Year = {2006}}

@article{DonohoD2004,
	Author = {D. Donoho},
	Date-Added = {2009-04-22 10:38:19 -0500},
	Date-Modified = {2009-04-22 10:38:19 -0500},
	Journal = {preprint},
	Title = {For most large underdetermined systems of linear equations the minimal $\ell^1$-norm near solution approximates the sparest solution},
	Year = {2004}}

@article{DonohoD2006-CPAM,
	Author = {D. Donoho},
	Date-Added = {2009-04-22 10:38:19 -0500},
	Date-Modified = {2009-04-22 10:38:19 -0500},
	Journal = cpam,
	Number = 6,
	Pages = {797-829},
	Title = {For most large underdetermined systems of linear equations the minimal $l_1$-norm solution is also the sparsest solution},
	Volume = 59,
	Year = {2006}}

@article{GeorghiadesA2001-PAMI,
	Author = {A. Georghiades and P. Belhumeur and D. Kriegman},
	Date-Added = {2009-04-22 10:38:19 -0500},
	Date-Modified = {2009-04-22 10:38:19 -0500},
	Journal = pami,
	Number = 6,
	Pages = {643-660},
	Title = {From few to many: Illumination cone models for face recognition under                variable lighting and pose},
	Volume = 23,
	Year = 2001}

@article{Georghiades2001-PAMI,
	Author = {A. Georghiades and P. Belhumeur and D. Kriegman},
	Date-Added = {2009-04-22 10:38:19 -0500},
	Date-Modified = {2009-04-22 17:40:55 -0500},
	Journal = pami,
	Number = {6},
	Pages = {643-660},
	Title = {From Few to Many: Illumination Cone Models for Face Recognition under Variable Lighting and Pose},
	Volume = {23},
	Year = {2001}}

@techreport{PhillipsP2007,
	Author = {P. Phillips and W. Scruggs and A. O'Tools and P. Flynn and K. Bowyer and C. Schott and M. Sharpe},
	Date-Added = {2009-04-22 10:38:19 -0500},
	Date-Modified = {2009-04-22 10:38:19 -0500},
	Institution = {NIST},
	Number = {NISTIR 7408},
	Title = {{FRVT} 2006 and {ICE} 2006 large-scale results},
	Year = {2007}}

@article{Liu2002-PAMI,
	Author = {C. Liu and H. Wechsler},
	Date-Added = {2009-04-22 10:38:19 -0500},
	Date-Modified = {2009-04-22 10:38:19 -0500},
	Journal = pami,
	Number = {4},
	Pages = {467-476},
	Title = {Gabor Feature Based Classification Using the Enhanced Fisher Linear Discriminant Model for Face Recognition},
	Volume = {11},
	Year = {2002}}

@inproceedings{WangH2004-CVPR,
	Author = {H. Wang and S. Li and Y. Wang},
	Booktitle = cvpr,
	Date-Added = {2009-04-22 10:38:19 -0500},
	Date-Modified = {2009-04-22 10:38:19 -0500},
	Pages = {498-505},
	Title = {Generalized quotient image},
	Year = {2004}}

@article{Cover1965-ITEC,
	Author = {T. Cover},
	Date-Added = {2009-04-22 10:38:19 -0500},
	Date-Modified = {2009-04-22 10:38:19 -0500},
	Journal = {{IEEE} Transactions on Electronic Computers},
	Number = {3},
	Pages = {326-334},
	Title = {Geometrical and Statistical Properties of Systems of Linear Inequalities with Applications in Pattern Recognition},
	Volume = {14},
	Year = {1965}}

@article{DonohoD2000,
	Author = {D. Donoho},
	Date-Added = {2009-04-22 10:38:19 -0500},
	Date-Modified = {2009-04-22 10:38:19 -0500},
	Journal = {AMS Math Challenges Lecture},
	Title = {High-dimensional data analysis: The curses and blessings of dimensionality},
	Year = {2000}}

@inproceedings{YangM2002,
	Author = {M. Yang},
	Booktitle = {Proceedings of the Fifth International Conference on Automatic Face and Gesture Recognition},
	Date-Added = {2009-04-22 10:38:19 -0500},
	Date-Modified = {2009-04-22 10:38:19 -0500},
	Pages = {215-220},
	Title = {Kernel {E}igenfaces vs. kernel {F}isherfaces: face recognition using kernel methods},
	Year = {2002}}

@article{BasriR2003-PAMI,
	Author = {R. Basri and D. Jacobs},
	Date-Added = {2009-04-22 10:38:19 -0500},
	Date-Modified = {2009-04-22 10:38:19 -0500},
	Journal = pami,
	Number = 2,
	Pages = {218-233},
	Title = {Lambertian reflectance and linear subspaces},
	Volume = 25,
	Year = 2003}

@article{Basri2003-PAMI,
	Author = {R. Basri and D. Jacobs},
	Date-Added = {2009-04-22 10:38:19 -0500},
	Date-Modified = {2009-04-22 10:38:19 -0500},
	Journal = pami,
	Number = {3},
	Pages = {218-233},
	Title = {Lambertian Reflection and Linear Subspaces},
	Volume = {25},
	Year = {2003}}

@phdthesis{SerreT2006,
	Author = {T. Serre},
	Date-Added = {2009-04-22 10:38:19 -0500},
	Date-Modified = {2009-04-22 10:38:19 -0500},
	School = {MIT},
	Title = {Learning a dictionary of shape-components in visual cortex: Comparison with neurons, humans and machines},
	Year = {2006}}

@inproceedings{LiS2001-CVPR,
	Author = {S. Li and X. Hou and H. Zhang and Q. Cheng},
	Booktitle = cvpr,
	Date-Added = {2009-04-22 10:38:19 -0500},
	Date-Modified = {2009-04-22 10:38:19 -0500},
	Title = {Learning spatially localized, parts-based representation},
	Year = {2001}}

@inproceedings{Li-01,
	Author = {S. Li and X. Hou and H. Zhang and Q. Cheng},
	Booktitle = cvpr,
	Date-Added = {2009-04-22 10:38:19 -0500},
	Date-Modified = {2009-04-22 10:38:19 -0500},
	Title = {Learning Spatially Localized, Parts-Based Representation},
	Year = {2001}}

@article{LeeD1999-Nature,
	Author = {D. Lee and H. Seung},
	Date-Added = {2009-04-22 10:38:19 -0500},
	Date-Modified = {2009-04-22 10:38:19 -0500},
	Journal = {Nature},
	Pages = {788-793},
	Title = {Learning the parts of objects by non-negative matrix factorization},
	Volume = {401},
	Year = {1999}}

@article{Hansen2001-JASA,
	Author = {M. Hansen and B. Yu},
	Date-Added = {2009-04-22 10:38:19 -0500},
	Date-Modified = {2009-04-22 10:38:19 -0500},
	Journal = {Journal of the American Statistical Association},
	Pages = {746-774},
	Title = {Model selection and the minimum description length principle},
	Volume = {96},
	Year = {2001}}

@article{Rissanen,
	Author = {J.J. Rissanen},
	Date-Added = {2009-04-22 10:38:19 -0500},
	Date-Modified = {2009-04-22 10:38:19 -0500},
	Journal = {Automatica},
	Pages = {465-471},
	Title = {Modeling by shortest data description},
	Volume = 14,
	Year = 1978}

@article{morph,
	Author = {Maragos, P. and Schafer, R.W.},
	Date-Added = {2009-04-22 10:38:19 -0500},
	Date-Modified = {2009-04-22 10:38:19 -0500},
	Journal = {{IEEE} {TASSP}},
	Pages = {1153-1169},
	Title = {Morphological Filters. Part I: Their Set-Theoretic Analysis and Relations to Linear Shift-Invariant Filters},
	Volume = {35},
	Year = {1987}}

@article{CandesE2006-IT,
	Author = {E. Cand{\`{e}}s and T. Tao},
	Date-Added = {2009-04-22 10:38:19 -0500},
	Date-Modified = {2009-04-22 10:38:19 -0500},
	Journal = it,
	Number = {12},
	Pages = {5406-5425},
	Title = {Near-optimal signal recovery from random projections: Universal encoding strategies?},
	Volume = {52},
	Year = {2006}}

@article{DonohoD2005,
	Author = {D. Donoho},
	Date-Added = {2009-04-22 10:38:19 -0500},
	Date-Modified = {2009-04-22 10:38:19 -0500},
	Journal = {preprint},
	Title = {Neighborly Polytopes and Sparse Solution of Underdetermined Linear Equations},
	Year = {2005}}

@inproceedings{Zass-06,
	Author = {R. Zass and A. Shashua},
	Booktitle = {Proc.  Neural Information and Processing Systems},
	Date-Added = {2009-04-22 10:38:19 -0500},
	Date-Modified = {2009-04-22 10:38:19 -0500},
	Title = {Nonnegative Sparse {PCA}},
	Year = {2006}}

@article{Zhao2007-JMLR,
	Author = {P. Zhao and B. Yu},
	Date-Added = {2009-04-22 10:38:19 -0500},
	Date-Modified = {2009-04-22 10:38:19 -0500},
	Journal = {Journal of Machine Learning Research},
	Number = {7},
	Pages = {2541-2567},
	Title = {On Model Selection Consistency of Lasso},
	Year = {2006}}

@article{AmaldiE1998,
	Author = {Amaldi, E. and Kann, V.},
	Date-Added = {2009-04-22 10:38:19 -0500},
	Date-Modified = {2009-04-22 10:38:19 -0500},
	Journal = {Theoretical Computer Science},
	Pages = {237-260},
	Title = {On the approximability of minimizing nonzero variables or unsatisfied relations in linear systems},
	Volume = {209},
	Year = {1998}}

@article{DonohoD2003-PNAS,
	Author = {D. Donoho and M. Elad},
	Date-Added = {2009-04-22 10:38:19 -0500},
	Date-Modified = {2009-04-22 10:38:19 -0500},
	Journal = {Proceedings of the National Academy of Sciences of the United States of America},
	Month = {March},
	Pages = {2197-2202},
	Title = {Optimal sparse representation in general (nonorthogonal) dictionaries via $\ell^1$ minimization},
	Year = {2003}}

@inproceedings{SavvidesM2006,
	Author = {M. Savvides and R. Abiantun and J. Heo and S. Park and C. Xie and B. Vijayakumar},
	Booktitle = {CVPR Workshop},
	Date-Added = {2009-04-22 10:38:19 -0500},
	Date-Modified = {2009-04-22 10:38:19 -0500},
	Title = {Partial and holistic face recognition on {FRGC-II} data using support vector machine kernel correlation feature analysis},
	Year = {2006}}

@book{DudaR,
	Author = {R. Duda and P. Hart and D. Stork},
	Date-Added = {2009-04-22 10:38:19 -0500},
	Date-Modified = {2009-04-22 10:38:19 -0500},
	Edition = {Second},
	Publisher = {John Wiley {\&} Sons},
	Title = {Pattern {C}lassification},
	Year = {2001}}

@inproceedings{FernX2003,
	Author = {X. Fern and C. Brodley},
	Booktitle = {Proceedings of the International Conference on Machine Learning},
	Date-Added = {2009-04-22 10:38:19 -0500},
	Date-Modified = {2009-04-22 10:38:19 -0500},
	Title = {Random projection for high dimensional data clustering: A cluster ensemble approach},
	Year = {2003}}

@inproceedings{BinghamE2001,
	Author = {E. Bingham and H. Mannila},
	Booktitle = {Proceedings of the ACM SIGKDD International Conference on Knowledge Discovery and Data Mining},
	Date-Added = {2009-04-22 10:38:19 -0500},
	Date-Modified = {2009-04-22 10:38:19 -0500},
	Pages = {245-250},
	Title = {Random projection in dimensionality reduction: Applications to image and text data},
	Year = {2001}}

@article{BaranuikR2006,
	Author = {R. Baraniuk and M. Wakin},
	Date-Added = {2009-04-22 10:38:19 -0500},
	Date-Modified = {2009-04-22 10:38:19 -0500},
	Journal = {preprint},
	Title = {Random projections of smooth manifolds},
	Year = {2006}}

@article{Tibshirani1996-JRSS,
	Author = {R. Tibshirani},
	Date-Added = {2009-04-22 10:38:19 -0500},
	Date-Modified = {2009-04-22 10:38:19 -0500},
	Journal = {Journal of the Royal Statistical Society B},
	Number = {1},
	Pages = {267-288},
	Title = {Regression shrinkage and selection via the {LASSO}},
	Volume = {58},
	Year = {1996}}

@article{Leonardis2000-CVIU,
	Author = {A. Leonardis and H. Bischof},
	Date-Added = {2009-04-22 10:38:19 -0500},
	Date-Modified = {2009-04-22 10:38:19 -0500},
	Journal = cviu,
	Number = {1},
	Pages = {99-118},
	Title = {Robust Recognition Using Eigenimages},
	Volume = {78},
	Year = {2000}}

@article{Olshausen1997-VR,
	Author = {B. Olshausen and D. Field},
	Date-Added = {2009-04-22 10:38:19 -0500},
	Date-Modified = {2009-04-22 10:38:19 -0500},
	Journal = {Vision Research},
	Pages = {3311-3325},
	Title = {Sparse coding with an overcomplete basis set: A strategy employed by {V1}?},
	Volume = {37},
	Year = {1997}}

@inproceedings{Huang2006-NIPS,
	Author = {K. Huang and S. Aviyente},
	Booktitle = {Neural Information Processing Systems ({NIPS})},
	Date-Added = {2009-04-22 10:38:19 -0500},
	Date-Modified = {2009-04-22 10:38:19 -0500},
	Title = {Sparse Representation for Signal Classification},
	Year = {2006}}

@article{Geiger1999-IJCV,
	Author = {D. Geiger and T. Liu and M. Donahue},
	Date-Added = {2009-04-22 10:38:19 -0500},
	Date-Modified = {2009-04-22 10:38:19 -0500},
	Journal = {International Journal of Computer Vision},
	Number = {2},
	Title = {Sparse Representations for Image Decompositions},
	Volume = {33},
	Year = {1999}}

@inproceedings{Cevher2008-NIPS,
	Author = {V. Cevher and and M. F. Duarte and C. Hegde and R. G. Baraniuk},
	Booktitle = {NIPS},
	Date-Added = {2009-04-22 10:38:19 -0500},
	Date-Modified = {2009-04-22 10:38:19 -0500},
	Title = {Sparse signal recovery using Markov random fields},
	Year = {2008}}

@article{CandesE2006-CPAM,
	Author = {E. Cand{\`{e}}s and J. Romberg and T. Tao},
	Date-Added = {2009-04-22 10:38:19 -0500},
	Date-Modified = {2009-04-22 10:38:19 -0500},
	Journal = cpam,
	Number = 8,
	Pages = {1207-1223},
	Title = {Stable signal recovery from incomplete and inaccurate measurements},
	Volume = {59},
	Year = {2006}}

@inproceedings{Jia2009-CVPR,
	Author = {H. Jia and A. Martinez},
	Booktitle = cvpr,
	Date-Added = {2009-04-22 10:38:19 -0500},
	Date-Modified = {2009-04-22 10:38:19 -0500},
	Title = {Support Vector Machines in Face Recognition with Occlusions},
	Year = {2009}}

@techreport{MartinezA1998,
	Author = {A. Martinez and R. Benavente},
	Date-Added = {2009-04-22 10:38:19 -0500},
	Date-Modified = {2009-04-22 10:38:19 -0500},
	Institution = {CVC Technical Report No. 24},
	Title = {The {AR} face database},
	Year = {1998}}

@article{Martinez1998-report,
	Author = {A. Martinez and R. Benavente},
	Date-Added = {2009-04-22 10:38:19 -0500},
	Date-Modified = {2009-04-22 10:38:19 -0500},
	Journal = {CVC Tech. Report No. 24},
	Title = {The {AR} face database},
	Year = {1998}}

@article{BaranuikR2007,
	Author = {R. Baraniuk and M. Davenport and R. de Vore and M. Wakin},
	Date-Added = {2009-04-22 10:38:19 -0500},
	Date-Modified = {2009-04-22 10:38:19 -0500},
	Journal = {to appear in Constructive Approximation},
	Title = {The {Johnson-Lindenstrauss} lemma meets compressed sensing},
	Year = {2007}}

@book{Vapnik,
	Author = {V. Vapnik},
	Date-Added = {2009-04-22 10:38:19 -0500},
	Date-Modified = {2009-04-22 10:38:19 -0500},
	Publisher = {Springer},
	Title = {The Nature of Statistical Learning Theory},
	Year = {2000}}

@book{MacWilliams-coding,
	Author = {F. Macwilliams and N. Sloane},
	Date-Added = {2009-04-22 10:38:19 -0500},
	Date-Modified = {2009-04-22 10:38:19 -0500},
	Publisher = {North-Holland},
	Title = {The Theory of Error-Correcting Codes},
	Year = {1981}}

@inproceedings{Wagner2009-CVPR,
	Author = {A. Wagner and J. Wright and A. Ganesh and Z. Zhou and Y. Ma},
	Booktitle = cvpr,
	Date-Added = {2009-04-22 10:38:19 -0500},
	Date-Modified = {2009-04-22 10:38:19 -0500},
	Title = {Toward A Practical Face Recognition System: Robust Pose and Illumination via Sparse Representation},
	Year = {2009}}

@inproceedings{Pentland1994-CVPR,
	Author = {A. Pentland and B. Moghaddam and T. Starner},
	Booktitle = cvpr,
	Date-Added = {2009-04-22 10:38:19 -0500},
	Date-Modified = {2009-04-22 10:38:19 -0500},
	Title = {View-Based and Modular Eigenspaces for Face Recognition},
	Year = {1994}}

@article{Kolmogorov2004-PAMI,
	Author = {V. Kolmogorov and R. Zabih},
	Date-Added = {2009-04-22 10:38:19 -0500},
	Date-Modified = {2009-04-22 10:38:19 -0500},
	Journal = pami,
	Number = {2},
	Pages = {147-159},
	Title = {What Energy Functions can be Minimized via Graph Cuts?},
	Volume = {26},
	Year = {2004}}
